@misc{noauthor_transcriptome_nodate,
	title = {Transcriptome {Fact} {Sheet}},
	url = {https://www.genome.gov/about-genomics/fact-sheets/Transcriptome-Fact-Sheet},
	abstract = {A transcriptome is a collection of all the gene readouts present in a cell.},
	language = {en},
	urldate = {2023-09-14},
	journal = {Genome.gov},
}
@Book{GoodBengCour16,
  Title                    = {Deep Learning},
  Author                   = {Ian J. Goodfellow and Yoshua Bengio and Aaron Courville},
  Publisher                = {MIT Press},
  Year                     = {2016},

  Address                  = {Cambridge, MA, USA},
  Note                     = {\url{http://www.deeplearningbook.org}}
}